@article{leme,
  author  = {Renato Paes Leme and Sam Chiu{-}wai Wong},
  title   = {Computing Walrasian Equilibria: Fast Algorithms and Economic Insights},
  year    = {2015},
  journal = {CoRR},
  volume  = {abs/1511.04032}
}

@article{crockett,
  author  = {Sean Crockett and Stephen Spear and Shyam Sunder},
  title   = {Learning Competitive Equilibrium},
  year    = {2008},
  journal = {Journal of Mathematical Economics},
  volume  = {44}
}

@article{scarf,
  author  = {Herbert Scarf},
  title   = {The Approximation of Fixed Points of a Continous Mapping},
  year    = {1967},
  journal = {SIAM Journal on Applied Mathematics},
  volume  = {15}
}

@article{fleischer,
  author  = {Lista Fleisher and Rahul Garg and Sanjiv Kapoor and Rohit Khandekar and Amin Saberi},
  title   = {A Simple and Efficient Algorithm for Computing Market Equilibria},
  year    = {2016},
  journal = {ACM Transactions on Algorithms},
  volume  = {12}
}

@unpublished{goldberg,
  author  = {Rob Axtell and Paul Goldberg},
  title   = {Dissecting the Invisible Hand: an Analysis of Convergence to Walrasian Equilibrium via Decentralized Bilateral Trade},
  year    = {2014}
}


@article{chen,
  author    = {Xi Chen and Decheng Dai and Ye Du and Shang{-}Hua Teng},
  title     = {Settling the Complexity of Arrow-Debreu Equilibria in Markets with Additively Separable Utilities},
  journal   = {50th Symposium on Foundations of Computer Science},
  publisher = {IEEE},
  volume    = {abs/0904.0644},
  year      = {2009}
}